@online{DashWiki,
    author = {Wikipedia},
    title =  {Dash (cryptocurrency)},
    year = 2022,
    url = {https://en.wikipedia.org/wiki/Dash_(cryptocurrency)#cite_note-fintech-1},
    urldate= {2022-05-04}
}

@online{DashConf,
    author = {Dashcore},
    title =  {Configuration File},
    year = 2022,
    url = {https://dashcore.readme.io/docs/core-examples-configuration-file},
    urldate= {2022-05-04}
}

@online{DashDisc,
    author = {Dashcore},
    title =  {Peer discovery},
    year = 2022,
    url = {https://dashcore.readme.io/docs/core-guide-p2p-network-peer-discovery},
    urldate= {2022-05-04}
}

@online{jsonrpc,
    author = {JSON-RPC},
    title =  {JSON-RPC 2.0 Specification},
    year = 2022,
    url = {https://www.jsonrpc.org/specification},
    urldate= {2022-05-04}
}

@online{Dash18,
    author = {Dashcore},
    title =  {Dashcore 18 Product Brief},
    year = 2022,
    url = {https://www.dash.org/blog/dashcore-v18-0-product-brief/},
    urldate= {2022-05-04}
}
@online{DashRPC,
    author = {Dashcore},
    title =  {Network RPCs},
    year = 2022,
    url = {https://dashcore.readme.io/docs/core-api-ref-remote-procedure-calls-network#getpeerinfo},
    urldate= {2022-05-04}
}

@online{Dashcore,
    author = {Dashcore},
    title =  {Dashcore},
    year = 2022,
    url = {https://dashcore.readme.io/},
    urldate= {2022-05-04}
}